<?xml version="1.0" encoding="utf-8"?>
<record xmlns="http://www.loc.gov/MARC21/slim" xmlns:xsi="http://www.w3.org/2001/XMLSchema-instance" xsi:schemaLocation="http://www.loc.gov/MARC21/slim http://www.loc.gov/standards/marcxml/schema/MARC21slim.xsd">
	<leader>     nam a22        4500</leader>
	<controlfield tag="001">4199802</controlfield>
	<controlfield tag="003">NNC</controlfield>
	<controlfield tag="006">m        d        </controlfield>
	<controlfield tag="007">cr cn |||m|||a</controlfield>
	<controlfield tag="008">150505s1966    ir      ob    000 0 arar </controlfield>
	<datafield ind1=" " ind2=" " tag="040">
		<subfield code="a">NNU</subfield>
		<subfield code="b">eng</subfield>
		<subfield code="e">rda</subfield>
		<subfield code="c">NNU</subfield>
	</datafield>
	<datafield ind1=" " ind2=" " tag="043">
		<subfield code="a">ma-----</subfield>
	</datafield>
	<datafield ind1=" " ind2="0" tag="050">
		<subfield code="a">PJ819.I55</subfield>
		<subfield code="b">I7</subfield>
	</datafield>
	<datafield ind1="0" ind2=" " tag="100">
		<subfield code="6">880-01</subfield>
		<subfield code="a">Ismā'īl ibn 'Abd al-Rasūl,</subfield>
		<subfield code="d">-1769 or 70.</subfield>
	</datafield>
	<datafield ind1="1" ind2="0" tag="245">
		<subfield code="6">880-02</subfield>
		<subfield code="a">Fahrasat al-kutub wa-al-rasāʼil wa-li-man hiya min al-ʻulamāʼ wa-al-aʼimmah wa-al-ḥudūd al-afāḍil  /</subfield>
		<subfield code="c">lil-Majdūʻ Ismāʻīl ibn ʻAbd al-Rasūl al-Ujjayī Ḥaqqaqahu wa-ʻallaqa ʻalayhi wa-qaddama lahu ʻAlīnaqī Munzavī.</subfield>
	</datafield>
	<datafield ind1="3" ind2=" " tag="246">
		<subfield code="6">880-03</subfield>
		<subfield code="a">Fihrist al-Majdūʻ</subfield>
	</datafield>
	<datafield ind1="3" ind2=" " tag="246">
		<subfield code="6">880-04</subfield>
		<subfield code="a">Majmūʻ fī fihrist al-kutub</subfield>
	</datafield>
	<datafield ind1=" " ind2=" " tag="260">
		<subfield code="6">880-05</subfield>
		<subfield code="a">Tihrān :</subfield>
		<subfield code="b">Chāpʹkhānah-ʼi Dānishgāh,</subfield>
		<subfield code="c">1966.</subfield>
	</datafield>
	<datafield ind1=" " ind2=" " tag="300">
		<subfield code="a">online resource (419 pages)</subfield>
	</datafield>
	<datafield ind1=" " ind2=" " tag="336">
		<subfield code="a">text</subfield>
		<subfield code="2">rdacontent</subfield>
	</datafield>
	<datafield ind1=" " ind2=" " tag="337">
		<subfield code="a">computer</subfield>
		<subfield code="2">rdamedia</subfield>
	</datafield>
	<datafield ind1=" " ind2=" " tag="338">
		<subfield code="a">online resource</subfield>
		<subfield code="2">rdacarrier</subfield>
	</datafield>
	<datafield ind1="1" ind2=" " tag="490">
		<subfield code="6">880-06</subfield>
		<subfield code="a">Manshūrāt Maktabat al-Asadī bi-Ṭihrān ;</subfield>
		<subfield code="v">raqm 9</subfield>
	</datafield>
	<datafield ind1=" " ind2=" " tag="500">
		<subfield code="a">Added t.p.: Fihrist al-Majduʻ, by Ismaʼil b. Abd ar-Rasul al-Ujjaini al-mulaqqab al-Majduʻ.</subfield>
	</datafield>
	<datafield ind1=" " ind2=" " tag="500">
		<subfield code="a">Also known under title al-Majmūʻ fī fihrist al-kutub.</subfield>
	</datafield>
	<datafield ind1=" " ind2=" " tag="500">
		<subfield code="a">Part of the Arabic Collections Online (ACO) project, contributed by Columbia University Libraries.</subfield>
	</datafield>
	<datafield ind1=" " ind2=" " tag="504">
		<subfield code="a">Includes bibliographical references.</subfield>
	</datafield>
	<datafield ind1=" " ind2=" " tag="533">
		<subfield code="a">Electronic reproduction.</subfield>
		<subfield code="b">New York, N.Y. :</subfield>
		<subfield code="c">New York University,</subfield>
		<subfield code="d">2015.</subfield>
		<subfield code="5">NNU</subfield>
	</datafield>
	<datafield ind1=" " ind2="0" tag="650">
		<subfield code="a">Ismaili literature</subfield>
		<subfield code="x">History and criticism.</subfield>
	</datafield>
	<datafield ind1=" " ind2="0" tag="650">
		<subfield code="a">Ismaili literature</subfield>
		<subfield code="v">Bibliography.</subfield>
	</datafield>
	<datafield ind1=" " ind2="7" tag="650">
		<subfield code="a">Ismaili literature.</subfield>
		<subfield code="2">fast</subfield>
		<subfield code="0">(OCoLC)fst00980130</subfield>
	</datafield>
	<datafield ind1=" " ind2="7" tag="655">
		<subfield code="a">Bibliography.</subfield>
		<subfield code="2">fast</subfield>
		<subfield code="0">(OCoLC)fst01423717</subfield>
	</datafield>
	<datafield ind1=" " ind2="7" tag="655">
		<subfield code="a">Criticism, interpretation, etc.</subfield>
		<subfield code="2">fast</subfield>
		<subfield code="0">(OCoLC)fst01411635</subfield>
	</datafield>
	<datafield ind1="1" ind2=" " tag="700">
		<subfield code="6">880-07</subfield>
		<subfield code="a">Munzavī, ʻAlī Naqī,</subfield>
		<subfield code="e">editor.</subfield>
	</datafield>
	<datafield ind1="2" ind2=" " tag="710">
		<subfield code="a">Columbia University.</subfield>
		<subfield code="b">Libraries.</subfield>
	</datafield>
	<datafield ind1="0" ind2=" " tag="730">
		<subfield code="a">Arabic Collections Online.</subfield>
	</datafield>
	<datafield ind1="0" ind2=" " tag="740">
		<subfield code="6">880-08</subfield>
		<subfield code="a">Fihrist al-Majdūʻ</subfield>
	</datafield>
	<datafield ind1="0" ind2=" " tag="740">
		<subfield code="6">880-09</subfield>
		<subfield code="a">Majmūʻ fī fihrist al-kutub</subfield>
	</datafield>
	<datafield ind1="0" ind2="8" tag="776">
		<subfield code="i">Online version:</subfield>
		<subfield code="a">Ismā'īl ibn 'Abd al-Rasūl, -1769 or 70.</subfield>
		<subfield code="t">Fahrasat al-kutub wa-al-rasāʼil wa-li-man hiya min al-ʻulamāʼ wa-al-aʼimmah wa-al-ḥudūd al-afāḍil.</subfield>
		<subfield code="d">Tihrān, Chāpʹkhānah-ʼi Dānishgāh, 1966</subfield>
		<subfield code="w">(OCoLC)568764748</subfield>
	</datafield>
	<datafield ind1="0" ind2="8" tag="776">
		<subfield code="i">Print version:</subfield>
		<subfield code="a">Ismā'īl ibn 'Abd al-Rasūl, -1769 or 70.</subfield>
		<subfield code="t">Fahrasat al-kutub wa-al-rasāʼil wa-li-man hiya min al-ʻulamāʼ wa-al-aʼimmah wa-al-ḥudūd al-afāḍil</subfield>
		<subfield code="w">(NNC)4199802</subfield>
		<subfield code="w">(DLC)ne 68002489 </subfield>
		<subfield code="w">(OCoLC)22609166</subfield>
	</datafield>
	<datafield ind1=" " ind2="0" tag="830">
		<subfield code="6">880-10</subfield>
		<subfield code="a">Manshūrāt Maktabat al-Asadī bi-Ṭihrān ;</subfield>
		<subfield code="v">raqm 9.</subfield>
	</datafield>
	<datafield ind1="4" ind2="0" tag="856">
		<subfield code="u">http://hdl.handle.net/2333.1/5hqbzns2</subfield>
	</datafield>
	<datafield ind1="1" ind2=" " tag="880">
		<subfield code="6">100-01/r</subfield>
		<subfield code="a">إسماعيل بن عبد الرسول، </subfield>
		<subfield code="d">-1769 or 70.</subfield>
	</datafield>
	<datafield ind1="1" ind2="0" tag="880">
		<subfield code="6">245-02/r</subfield>
		<subfield code="a">فهرسة الکتب والرسائل ولمن هي من العلماء والأئمة والحدود الأفاضل /</subfield>
		<subfield code="c">للمجدوع إسماعيل بن عبد الرسول الاجينى، حققه وعلق عليه وقدم له علينقي منزوي.</subfield>
	</datafield>
	<datafield ind1="3" ind2=" " tag="880">
		<subfield code="6">246-03/r</subfield>
		<subfield code="a">فهرسة المجدوع</subfield>
	</datafield>
	<datafield ind1="3" ind2=" " tag="880">
		<subfield code="6">246-04/r</subfield>
		<subfield code="a">مجموع في فهرسة الكتب</subfield>
	</datafield>
	<datafield ind1=" " ind2=" " tag="880">
		<subfield code="6">260-05/r</subfield>
		<subfield code="a">طهران،جابخانه دانكشاه،</subfield>
		<subfield code="c">١٣٤٤ ش [١٩٦٦م]</subfield>
	</datafield>
	<datafield ind1="1" ind2=" " tag="880">
		<subfield code="6">490-06/r</subfield>
		<subfield code="a">منشورات مکتبة الأسدي بطهران ؛</subfield>
		<subfield code="v">9</subfield>
	</datafield>
	<datafield ind1="1" ind2=" " tag="880">
		<subfield code="6">700-07/r</subfield>
		<subfield code="a">منزوى، على نقى.</subfield>
	</datafield>
	<datafield ind1="0" ind2=" " tag="880">
		<subfield code="6">740-08/r</subfield>
		<subfield code="a">فهرسة المجدوع.</subfield>
	</datafield>
	<datafield ind1="0" ind2=" " tag="880">
		<subfield code="6">740-09/r</subfield>
		<subfield code="a">مجموع في فهرسة الكتب.</subfield>
	</datafield>
	<datafield ind1=" " ind2="0" tag="880">
		<subfield code="6">830-10/r</subfield>
		<subfield code="a">منشورات مکتبة الأسدي بطهران ؛ </subfield>
		<subfield code="v">9.</subfield>
	</datafield>
	<datafield ind1=" " ind2=" " tag="959">
		<subfield code="a">NNU</subfield>
		<subfield code="b">WEB</subfield>
		<subfield code="c">GENI</subfield>
		<subfield code="t">0</subfield>
		<subfield code="m">Electronic access</subfield>
		<subfield code="s">01</subfield>
	</datafield>
	<datafield ind1=" " ind2=" " tag="999">
		<subfield code="i">NNC_4199802</subfield>
		<subfield code="o">(OCoLC)ocm22609166</subfield>
		<subfield code="e">(ERROR-880)</subfield>
		<subfield code="s">columbia_aco000273</subfield>
	</datafield>
</record>
